@online{am_i_unique,
    title = {Am I Unique?},
    url = {https://amiunique.org/},
    urldate = {2017-07-04}
}

@online{panopticlick,
    author = {Electronic Frontier Foundation},
    title = {Panopticlick},
    url = {https://panopticlick.eff.org/},
    urldate = {2017-07-04}
}

@online{fingerprintjs2,
    author = {Valentin Vasilyev},
    title = {Fingerprintjs2},
    url = {https://github.com/Valve/fingerprintjs2},
    urldate = {2018-02-04}
}

@phdthesis{faiz2014browser,
  title = {Browser Fingerprinting: Analysis, Detection, and Prevention at Runtime},
  author = {FaizKhademi, Amin},
  year = {2014}
}

@inproceedings{faizkhademi2015fpguard,
  title = {FPGuard: Detection and prevention of browser fingerprinting},
  author = {FaizKhademi, Amin and Zulkernine, Mohammad and Weldemariam, Komminist},
  booktitle = {IFIP Annual Conference on Data and Applications Security and Privacy},
  pages = {293--308},
  year = {2015},
  organization = {Springer}
}

@proceedings{DBLP:conf/ccs/2016,
  editor    = {Edgar R. Weippl and
               Stefan Katzenbeisser and
               Christopher Kruegel and
               Andrew C. Myers and
               Shai Halevi},
  title     = {Proceedings of the 2016 {ACM} {SIGSAC} Conference on Computer and
               Communications Security, Vienna, Austria, October 24-28, 2016},
  publisher = {{ACM}},
  year      = {2016},
  url       = {http://dl.acm.org/citation.cfm?id=2976749},
  isbn      = {978-1-4503-4139-4},
  timestamp = {Mon, 24 Oct 2016 15:38:42 +0200},
  biburl    = {http://dblp.uni-trier.de/rec/bib/conf/ccs/2016},
  bibsource = {dblp computer science bibliography, http://dblp.org}
}

@inproceedings{DBLP:conf/ccs/EnglehardtN16,
  author    = {Steven Englehardt and
               Arvind Narayanan},
  title     = {Online Tracking: {A} 1-million-site Measurement and Analysis},
  booktitle = {Proceedings of the 2016 {ACM} {SIGSAC} Conference on Computer and
               Communications Security, Vienna, Austria, October 24-28, 2016},
  pages     = {1388--1401},
  year      = {2016},
  crossref  = {DBLP:conf/ccs/2016},
  url       = {http://doi.acm.org/10.1145/2976749.2978313},
  doi       = {10.1145/2976749.2978313},
  timestamp = {Mon, 24 Oct 2016 18:57:12 +0200},
  biburl    = {http://dblp.uni-trier.de/rec/bib/conf/ccs/EnglehardtN16},
  bibsource = {dblp computer science bibliography, http://dblp.org}
}

@inproceedings{englehardt2016census,
    author    = "Steven Englehardt and Arvind Narayanan",
    title     = "{Online tracking: A 1-million-site measurement and analysis}",
    booktitle = {Proceedings of ACM CCS 2016},
    year      = "2016",
}

@proceedings{DBLP:conf/ccs/2013,
  editor    = {Ahmad{-}Reza Sadeghi and
               Virgil D. Gligor and
               Moti Yung},
  title     = {2013 {ACM} {SIGSAC} Conference on Computer and Communications Security,
               CCS'13, Berlin, Germany, November 4-8, 2013},
  publisher = {{ACM}},
  year      = {2013},
  url       = {http://dl.acm.org/citation.cfm?id=2508859},
  isbn      = {978-1-4503-2477-9},
  timestamp = {Fri, 08 Nov 2013 09:43:20 +0100},
  biburl    = {http://dblp2.uni-trier.de/rec/bib/conf/ccs/2013},
  bibsource = {dblp computer science bibliography, http://dblp.org}
}

@inproceedings{DBLP:conf/ccs/AcarJNDGPP13,
  author    = {Gunes Acar and
               Marc Ju{\'{a}}rez and
               Nick Nikiforakis and
               Claudia D{\'{\i}}az and
               Seda F. G{\"{u}}rses and
               Frank Piessens and
               Bart Preneel},
  title     = {FPDetective: dusting the web for fingerprinters},
  booktitle = {2013 {ACM} {SIGSAC} Conference on Computer and Communications Security,
               CCS'13, Berlin, Germany, November 4-8, 2013},
  pages     = {1129--1140},
  year      = {2013},
  crossref  = {DBLP:conf/ccs/2013},
  url       = {http://doi.acm.org/10.1145/2508859.2516674},
  doi       = {10.1145/2508859.2516674},
  timestamp = {Fri, 08 Nov 2013 12:51:55 +0100},
  biburl    = {http://dblp2.uni-trier.de/rec/bib/conf/ccs/AcarJNDGPP13},
  bibsource = {dblp computer science bibliography, http://dblp.org}
}

@article{boda2012user,
    title     = {User tracking on the web via cross-browser fingerprinting},
    author    = {Boda, K{\'a}roly and F{\"o}ldes, {\'A}d{\'a}m and Guly{\'a}s, G{\'a}bor and Imre, S{\'a}ndor},
    journal   = {Information Security Technology for Applications},
    pages     = {31--46},
    year      = {2012},
    publisher = {Springer}
}

@inproceedings{eckersley2010unique,
  title = {How unique is your web browser?},
  author = {Eckersley, Peter},
  booktitle = {Privacy Enhancing Technologies},
  volume = {6205},
  pages = {1--18},
  year = {2010},
  organization = {Springer}
}

@inproceedings{laperdrix2015mitigating,
  title = {Mitigating browser fingerprint tracking: multi-level reconfiguration and diversification},
  author = {Laperdrix, Pierre and Rudametkin, Walter and Baudry, Benoit},
  booktitle = {Proceedings of the 10th International Symposium on Software Engineering for Adaptive and Self-Managing Systems},
  pages = {98--108},
  year = {2015},
  organization = {IEEE Press}
}

@inproceedings{laperdrix2016beauty,
  title = {Beauty and the beast: Diverting modern web browsers to build unique browser fingerprints},
  author = {Laperdrix, Pierre and Rudametkin, Walter and Baudry, Benoit},
  booktitle = {Security and Privacy (SP), 2016 IEEE Symposium on},
  pages = {878--894},
  year = {2016},
  organization = {IEEE}
}

@article{mowery2012pixel,
  title = {Pixel perfect: Fingerprinting canvas in HTML5},
  author = {Mowery, Keaton and Shacham, Hovav},
  journal = {Proceedings of W2SP},
  pages = {1--12},
  year = {2012}
}

@inproceedings{acar2014web,
  title = {The web never forgets: Persistent tracking mechanisms in the wild},
  author = {Acar, Gunes and Eubank, Christian and Englehardt, Steven and Juarez, Marc and Narayanan, Arvind and Diaz, Claudia},
  booktitle = {Proceedings of the 2014 ACM SIGSAC Conference on Computer and Communications Security},
  pages = {674--689},
  year = {2014},
  organization = {ACM}
}
