@online{am_i_unique,
    title = {Am I Unique?},
    url = {https://amiunique.org/},
    urldate = {2017-07-04}
}

@online{panopticlick,
    author = {Electronic Frontier Foundation},
    title = {Panopticlick},
    url = {https://panopticlick.eff.org/},
    urldate = {2017-07-04}
}

@phdthesis{faiz2014browser,
  title = {Browser Fingerprinting: Analysis, Detection, and Prevention at Runtime},
  author = {Faiz Khademi, Amin},
  year = {2014}
}

@inproceedings{englehardt2016census,
    author    = {Steven Englehardt and Arvind Narayanan},
    title     = {Online tracking: A 1-million-site measurement and analysis},
    booktitle = {Proceedings of ACM CCS 2016},
    year      = {2016},
}

@article{boda2012user,
    title     = {User tracking on the web via cross-browser fingerprinting},
    author    = {Boda, K{\'a}roly and F{\"o}ldes, {\'A}d{\'a}m and Guly{\'a}s, G{\'a}bor and Imre, S{\'a}ndor},
    journal   = {Information Security Technology for Applications},
    pages     = {31--46},
    year      = {2012},
    publisher = {Springer}
}

@inproceedings{acar2013fpdetective,
    title = {FPDetective: dusting the web for fingerprinters},
    author = {Acar, Gunes and Juarez, Marc and Nikiforakis, Nick and Diaz, Claudia and G{\"u}rses, Seda and Piessens, Frank and Preneel, Bart},
    booktitle = {Proceedings of the 2013 ACM SIGSAC conference on Computer \& communications security},
    pages = {1129--1140},
    year = {2013},
    organization = {ACM}
}

@inproceedings{eckersley2010unique,
  title = {How unique is your web browser?},
  author = {Eckersley, Peter},
  booktitle = {Privacy Enhancing Technologies},
  volume = {6205},
  pages = {1--18},
  year = {2010},
  organization = {Springer}
}

@inproceedings{laperdrix2015mitigating,
  title = {Mitigating browser fingerprint tracking: multi-level reconfiguration and diversification},
  author = {Laperdrix, Pierre and Rudametkin, Walter and Baudry, Benoit},
  booktitle = {Proceedings of the 10th International Symposium on Software Engineering for Adaptive and Self-Managing Systems},
  pages = {98--108},
  year = {2015},
  organization = {IEEE Press}
}
